@article{khan2016survey,
  title={A survey on Test Suite Reduction frameworks and tools},
  author={Khan, Saif Ur Rehman and Lee, Sai Peck and Ahmad, Raja Wasim and Akhunzada, Adnan and Chang, Victor},
  journal={International Journal of Information Management},
  volume={36},
  number={6},
  pages={963--975},
  year={2016},
  publisher={Elsevier}
}

@article{chen2010adaptive,
  title={Adaptive random testing: The art of test case diversity},
  author={Chen, Tsong Yueh and Kuo, Fei-Ching and Merkel, Robert G and Tse, TH},
  journal={Journal of Systems and Software},
  volume={83},
  number={1},
  pages={60--66},
  year={2010},
  publisher={Elsevier}
}

@inproceedings{miranda2018fast,
  title={Fast approaches to scalable similarity-based test case prioritization},
  author={Miranda, Breno and Cruciani, Emilio and Verdecchia, Roberto and Bertolino, Antonia},
  booktitle={2018 IEEE/ACM 40th International Conference on Software Engineering (ICSE)},
  pages={222--232},
  year={2018},
  organization={IEEE}
}

@article{rothermel2001prioritizing,
  title={Prioritizing test cases for regression testing},
  author={Rothermel, Gregg and Untch, Roland H. and Chu, Chengyun and Harrold, Mary Jean},
  journal={IEEE Transactions on software engineering},
  volume={27},
  number={10},
  pages={929--948},
  year={2001},
  publisher={IEEE}
}

@inproceedings{cruciani2019scalable,
  title={Scalable approaches for test suite reduction},
  author={Cruciani, Emilio and Miranda, Breno and Verdecchia, Roberto and Bertolino, Antonia},
  booktitle={2019 IEEE/ACM 41st International Conference on Software Engineering (ICSE)},
  pages={419--429},
  year={2019},
  organization={IEEE}
}
